<record xmlns='http://www.loc.gov/MARC21/slim'><leader>02451cam a22003134a 4500</leader><controlfield tag='001'>1455669</controlfield><controlfield tag='005'>20180908163003.0</controlfield><controlfield tag='008'>010926s2001    nyua          000 0 eng  </controlfield><datafield tag='010' ind1=' ' ind2=' '><subfield code='a'>2001052386</subfield></datafield><datafield tag='019' ind1='1' ind2=' '><subfield code='a'>23114870</subfield></datafield><datafield tag='020' ind1=' ' ind2=' '><subfield code='a'>0743442679</subfield><subfield code='q'>alkaline paper</subfield></datafield><datafield tag='035' ind1=' ' ind2=' '><subfield code='9'>(AuCNLDY)3171475</subfield></datafield><datafield tag='035' ind1=' ' ind2=' '><subfield code='a'>1455669</subfield></datafield><datafield tag='040' ind1=' ' ind2=' '><subfield code='a'>DLC</subfield><subfield code='b'>eng</subfield><subfield code='c'>DLC</subfield><subfield code='d'>DLC</subfield><subfield code='d'>OrLoB-B</subfield></datafield><datafield tag='042' ind1=' ' ind2=' '><subfield code='a'>pcc</subfield></datafield><datafield tag='043' ind1=' ' ind2=' '><subfield code='a'>n-us---</subfield></datafield><datafield tag='050' ind1='0' ind2='0'><subfield code='a'>BJ1421</subfield><subfield code='b'>.P74 2001</subfield></datafield><datafield tag='082' ind1='0' ind2='0'><subfield code='a'>177/.3</subfield><subfield code='2'>21</subfield></datafield><datafield tag='100' ind1='1' ind2=' '><subfield code='a'>Press, Bill,</subfield><subfield code='d'>1940-</subfield></datafield><datafield tag='245' ind1='1' ind2='0'><subfield code='a'>Spin this! :</subfield><subfield code='b'>all the ways we don't tell the truth /</subfield><subfield code='c'>Bill Press ; foreword by Bill Maher.</subfield></datafield><datafield tag='260' ind1=' ' ind2=' '><subfield code='a'>New York :</subfield><subfield code='b'>Pocket Books,</subfield><subfield code='c'>c2001.</subfield></datafield><datafield tag='300' ind1=' ' ind2=' '><subfield code='a'>xxvi, 245 p. :</subfield><subfield code='b'>ill. ;</subfield><subfield code='c'>25 cm.</subfield></datafield><datafield tag='505' ind1='0' ind2=' '><subfield code='a'>Foreword / Bill Maher -- Introduction: Spinning This Book -- 1. The Possible Light -- Spin Hall of Fame: Robert D. Novak on Al Gore -- Spin Hall of Fame: Kate O'Beirne on Hillary Clinton -- 2. It Didn't Start with Clinton -- Spin Hall of Fame: Cal Thomas on Satan -- 3. All the Spin That's Fit to Print -- 4. Politics: Slippery Not Only When Wet -- Spin Hall of Fame: Margaret Carlson on Max Kennedy -- Spin Hall of Fame: Hendrik Hertzberg on Jimmy Carter -- 5. Clinton: The Man Who Broke the Spinning Wheel -- Spin Hall of Fame: Tony Blankley on Lanny Davis -- 6. Campaign 2000: The Spin Derby -- Spin Hall of Fame: Paul Begala on George W. Bush -- Spin Hall of Fame: Oliver North on Al Gore -- Spin Hall of Fame: Al Franken on Karl Rove -- 7. President Bush: New Spinner in the White House -- 8. Spinning the Legal System -- 9. Spinning to Sell a Product -- 10. Everyday People, Everyday Spin -- Spin Hall of Fame: Tucker Carlson on Joe Carollo.</subfield></datafield><datafield tag='505' ind1='8' ind2=' '><subfield code='a'>Spin Hall of Fame: Mary Matalin on James Carville -- 11. Sex and Dating: Where Spin Begins ... and Ends -- 12. Closing Comments.</subfield></datafield><datafield tag='520' ind1='1' ind2=' '><subfield code='a'>'Spin - intentional manipulation of the truth - is everywhere. It's in the White House, in the courtrooms, in headlines and advertising slogans. Even couples on dates - not to mention book jackets - are guilty of spin. Now, analyst Bill Press freeze-frames the culture of spin to investigate what exactly spin is, who does it and why, and its impact on American society as a whole.'--BOOK JACKET.</subfield></datafield><datafield tag='650' ind1=' ' ind2='0'><subfield code='a'>Truthfulness and falsehood</subfield><subfield code='z'>United States.</subfield></datafield><datafield tag='650' ind1=' ' ind2='0'><subfield code='a'>Presidents</subfield><subfield code='z'>United States</subfield><subfield code='x'>Professional ethics.</subfield></datafield><datafield tag='856' ind1='4' ind2='2'><subfield code='3'>Publisher description</subfield><subfield code='u'>http://www.loc.gov/catdir/description/simon031/2001052386.html</subfield></datafield><datafield tag='984' ind1=' ' ind2=' '><subfield code='a'>ANL</subfield><subfield code='c'>YY 177.3 P935</subfield></datafield></record>